@book{ch,
    author = {S{\o}rensen, Morten Heine and Urzyczyn, Pawe{\l}},
    title = {Lectures on the Curry-Howard Isomorphism},
    publisher = {Elsevier},
    year = {2006}
}
  


@article{wad,
    title = {Propositions as Types},
    author = {Wadler, Philip},
    journal = {Communications of the ACM},
    volume = {58},
    number = {12},
    year = {2015},
    pages = {75--84},
}

@article{lambek,
    title = {On Some Connections Between Logic and Category Theory},
    author = {Lambek, Joakim},
    journal = {Studia Logica},
    year = {1989},
    volume = {48},
    number = {3},
    pages = {269--278},
}

@article{sh,
    title = {Homotopy type theory: The logic of space},
    author = {Shulman, Michael},
    journal = {arXiv:1703.03007},
    year = {2017},
}

@masterthesis{collins,
    author = {Collins, Jordan},
    title = {A History of the Theory of Types},
    year = {2005},
    school = {McMaster University},
}

@misc{pml,
    author = {Martin-L\"of, Per},
    title = {Intuitionistic Type Theory},
    howpublished = {Notes by G. Sambin},
    year = {1980},
    note = {Lectures at the University of Padua},
}

@article{awos,
  author = {Awodey, Steve},
  title = {Structuralism, Invariance and Univalence},
  journal = {Philosophia Mathematica},
  year = {2014},
  volume = {22},
  issue = {1},
  pages = {1--11}
}


@misc{pmlf,
  author = {Martin-L\"of, Per},
  title = {On the meaning of the logical constants and the justification of the logical laws},
  howpublished = {Lectures at University of Siena},
  year = {1983},
}


@book{awodey,
    author = {Awodey, Steve},
    title = {Category Theory},
    year = {2006},
    publisher = {Clarendon Press},
}

@book{macc,
  author = {Mac Lane, Saunders},
  title = {Categories for the Working Mathematician},
  year = {1971},
  publisher = {Springer},
}

@article{joyal,
  author = {Boileau, Andr\'e and Joyal, Andr\'e},
  journal = {Journal of Symbolic Logic},
  year = {1981},
  volume = {46},
  issue = {1},
  pages = {6--16},
}

@book{mact,
  author = {Mac Lane, Saunders and Moerdijk, Ieke},
  title = {Sheaves in Geometry and Logic},
  year = {1992},
  publisher = {Springer},
}

@book{gold,
  author = {Goldblatt, Robert},
  title = {Topoi: The Categorial Analysis of Logic},
  publisher = {North Holland},
  year = {1984},
}

@phdthesis{law,
  author = {Lawvere, Frank},
  year = {1963},
  title = {Functorial Semantics of Algebraic Theories},
  school = {Columbia University}
}

@article{see,
  author = {Seely, R. A. G.},
  title = {Hyperdoctrines, Natural Deduction and the Beck Condition},
  year = {1984},
  journal = {Zeitschrift f\"ur Math. Logik und Grundlagen der Math.},
}


