@book{smartsimple,
title = {Cryptography Made Simple},
author = {Smart, Nigel P.},
publisher = {Springer},
year = {2016}
}

@book{smart,
title = {Cryptography, an Introduction},
author = {Smart, Nigel P.},
publisher = {\href{http://people.cs.bris.ac.uk/~nigel/Crypto_Book//}{online}},
year = {2013},
}