@article{lample2019deep,
    title={Deep Learning for Symbolic Mathematics},
    author={Guillaume Lample and Fran√ßois Charton},
    year={2019},
    journal = {ICLR 2020},
    note = {\url{https://arxiv.org/abs/1912.01412}}
}

@article{davis2019use,
    title={The Use of Deep Learning for Symbolic Integration: A Review of ({L}ample and {C}harton, 2019)},
    author={Ernest Davis},
    year={2019},
    journal = {arXiv},
    note = {\url{https://arxiv.org/abs/1912.05752}}
}

@misc{chollet,
    title = {A ten-minute introduction to sequence-to-sequence learning in {K}eras},
    author = {Chollet, Fran\c{c}ois},
    year = {2017},
    note = {Articol disponibil la \url{https://blog.keras.io/a-ten-minute-introduction-to-sequence-to-sequence-learning-in-keras.html}, accesat decembrie 2019}}
}

@misc{sloane,
    title = {The On-Line Encyclopedia of Integer Sequences},
    author = {Sloane, Neil},
    year = {1964},
    note = {Disponibil online la \url{https://oeis.org/}, accesat decembrie 2019}
}
