@book{aho,
author = {Aho, Alfred and others},
title = {Compilers: Principles, Techniques, and Tools},
year = {2006},
publisher = {Pearson}
}

@book{appel,
author = {Appel, Andrew and Ginsburg, Maia},
title = {Modern Compiler Implementation in C},
year = {2004},
publisher = {Cambridge University Press}
}

@book{cooper,
author = {Cooper, Keith and Torczon, Linda},
title = {Engineering a Compiler},
year = {2012},
publisher = {Morgan Kaufmann}
}

@book{much,
author = {Muchnick, Steven},
title = {Advanced Compiler Design Implementation},
year = {1997},
publisher = {Morgan Kaufmann}
}

@book{nielson,
author = {Nielson, Flemming and others},
title = {Principles of Program Analysis},
year = {2005},
publisher = {Springer}
}

@book{ms,
author = {M{\o}ller, Anders and Schwartzbach, Michael},
title = {Static Program Analysis},
year = {2018},
publisher = {online},
url = {https://cs.au.dk/~amoeller/spa/}
}

@misc{epfl,
author = {Schinz, Michel and Liu, Fengyun},
title = {Advanced Compiler Construction},
year = {2019},
note = {Noti»õe de curs online, accesibile la adresa \url{https://cs420.epfl.ch/index.html}},
url = {https://cs420.epfl.ch/index.html}
}