@misc{taman,
    author = {Tamarin, Team},
    title = {Tamarin-Prover Manual},
    year = {2019},
    publisher = {online},
    note = {\url{tamarin-prover.github.io}}
}

@article{DBLP:journals/siglog/BasinCDS17,
  author    = {David A. Basin and
               Cas Cremers and
               Jannik Dreier and
               Ralf Sasse},
  title     = {Symbolically analyzing security protocols using tamarin},
  journal   = {{SIGLOG} News},
  volume    = {4},
  number    = {4},
  pages     = {19--30},
  year      = {2017},
  url       = {https://dl.acm.org/citation.cfm?id=3157835},
  timestamp = {Wed, 05 Dec 2018 15:20:23 +0100},
  biburl    = {https://dblp.org/rec/bib/journals/siglog/BasinCDS17},
  bibsource = {dblp computer science bibliography, https://dblp.org}
}

@book{crem,
    author = {Cremers, Cas and Mauw, Sjouke},
    title = {Operational Semantics and Verification of Security Protocols},
    year = {2012},
    publisher = {Springer}
}