@book{hus,
    author = {Husemoller, Dale},
    title = {Elliptic Curves},
    year = {2004},
    publisher = {Springer}
}

@book{sil09,
    author = {Silverman, Joseph},
    title = {The Arithmetic of Elliptic Curves},
    year = {2009},
    publisher = {Springer}
}

@book{sil94,
    author = {Silverman, Joseph},
    title = {Advanced Topics in the Arithmetic of Elliptic Curves},
    year = {1994},
    publisher = {Springer}
}

@book{was,
    author = {Washington, Lawrence},
    title = {Elliptic Curves, Number Theory and Cryptography},
    year = {2008},
    publisher = {Chapman and Hall}
}

@mastersthesis{soe,
    author = {Soeten, Mirjam},
    title = {Hasse's Theorem on Elliptic Curves},
    school = {Rijkuniversiteit Groningen},
    year = {2013}
}

@mastersthesis{galin,
    author = {Galin, Ben},
    title = {{S}choof--{E}lkies--{A}tkin Algorithm},
    school = {Stanford University},
    year = {2007}
}

@article{JTNB_1995__7_1_219_0,
    author = {Schoof, Ren\'e},
    title = {Counting points on elliptic curves over finite fields},
    journal = {Journal de th\'eorie des nombres de Bordeaux},
    publisher = {Universit\'e Bordeaux I},
    volume = {7},
    number = {1},
    year = {1995},
    pages = {219-254},
    zbl = {0852.11073},
    mrnumber = {1413578},
    language = {en},
    url = {http://www.numdam.org/item/JTNB_1995__7_1_219_0}
}

@inproceedings{Schoof1985EllipticCO,
    title={Elliptic curves over finite fields and the computation of square roots mod p},
    author={Ren{\'e} Schoof},
    year={1985}
}
