@book{schm,
title = {Denotational Semantics},
subtitle = {A Methodology for Language Development},
author = {Schmidt, David A.},
year = {2009},
publisher = {Brown \& Co.},
note = {disponibilÄƒ \href{http://people.cs.ksu.edu/~schmidt/text/DenSem-full-book.pdf}{online}}
}

@incollection{abrj,
author = {Abramsky, Samson and Jung, Achim},
title = {Domain Theory},
editor = {Gabbay, Dov},
booktitle = {Handbook of Logic in Computer Science},
volume = {3},
publisher = {Clarendon Press},
year = {1994},
chapter = {1},
pages = {2-169}
}

@book{bw,
author = {Barr, Michael and Wells, Charles},
title = {Category Theory for Computing Science},
publisher = {Prentice Hall},
year = {1990}
}

@book{scottstrachey,
author = {Scott, Dana and Strachey, Christopher},
title = {Towards a mathematical semantics for computer languages},
publisher = {Oxford Computing Lab},
year = {1971},
}

@article{lambek,
    title = {On Some Connections Between Logic and Category Theory},
    author = {Lambek, Joakim},
    journal = {Studia Logica},
    year = {1989},
    volume = {48},
    number = {3},
    pages = {269--278},
}

@book{girpf,
title = {Proofs and Types},
author = {Girard, Jean-Yves},
year = {1989},
publisher = {Cambridge University Press}
}

@book{girlog,
title = {The Blind Spot: Lectures on Logic},
author = {Girard, Jean-Yves},
year = {2013},
publisher = {European Mathematical Society}
}

@incollection{pitts,
author = {Pitts, Andrew},
title = {Categorial Logic},
editor = {Gabbay, Dov},
booktitle = {Handbook of Logic in Computer Science},
volume = {5},
publisher = {Clarendon Press},
year = {1995},
chapter = {2},
pages = {39-129}
}

@book{amacur,
author = {Amadio, Robert and Curien, Pierre-Louis},
title = {Domains and Lambda-Calculi},
year = {1996},
publisher = {Cambridge}
}

@book{barls,
author = {Barendregt, Henk},
title = {The Lambda Calculus, Its Syntax and Semantics},
year = {1985},
publisher = {North Holland}
}

@book{barlt,
author = {Barendregt, Henk and Dekkers, Wil and Statman, Richard},
title = {Lambda Calculus with Types},
year = {2010},
publisher = {Cambridge University Press}
}

@book{jac,
author = {Jacobs, Bart},
title = {Categorical Logic and Type Theory},
publisher = {North Holland},
year = {1999}
}

@book{ch,
    author = {S{\o}rensen, Morten Heine and Urzyczyn, Pawe{\l}},
    title = {Lectures on the Curry-Howard Isomorphism},
    publisher = {Elsevier},
    year = {2006}
}

@book{lascott,
author = {Lambek, Joachim and Scott, P.\ J.},
title = {Introduction to Higher Order Categorical Logic},
year = {1994},
publisher = {Cambridge University Press}
}
