@article{whitepaper,
    title = {Tor: The Second Generation Onion Router},
    author = {Dingledine, R. and Mathewson, N. and Sylverson, P.},
    year = {2004},
    journal = {SSYM Proceedings of the 13th conference on USENIX Security Symbposium},
    volume = {13},
}

@misc{jw1,
    author = {Wright, Jordan},
    title = {How {T}or {W}orks: {P}art {O}ne},
    howpublished = {\url{https://jordan-wright.com/blog/2015/02/28/how-tor-works-part-one/}},
    year = {2015},
    note = {\linebreak{}[Online; accesat martie 2019]}
}


@misc{jw2,
    author = {Wright, Jordan},
    title = {How {T}or {W}orks: {P}art {T}wo},
    howpublished = {\url{https://jordan-wright.com/blog/2015/05/09/how-tor-works-part-two-relays-vs-bridges/}},
    year = {2015},
    note = {\linebreak{}[Online; accesat martie 2019]}
}

@misc{jw3,
    author = {Wright, Jordan},
    title = {How {T}or {W}orks: {P}art {T}hree},
    howpublished = {\url{https://jordan-wright.com/blog/2015/05/14/how-tor-works-part-three-the-consensus/}},
    year = {2015},
    note = {\linebreak{}[Online; accesat martie 2019]}
}

@misc{bs,
    author = {Skerritt, Brandon},
    title = {How {T}or *really* works\raggedright},
    howpublished = {\hfill{}\linebreak{}\url{https://hackernoon.com/how-does-tor-really-work-c3242844e11f}},
    year = {2018},
    note = {\linebreak{}[Online; accesat martie 2019]}
}

@misc{dhse,
  author = {\texttt{{@}tylerl}},
  title = {Diffie-{H}ellman in Plain {E}nglish},
  howpublished = {\linebreak{}\url{https://security.stackexchange.com/questions/45963/diffie-hellman-key-exchange-in-plain-english}},
  year = {2014},
  note = {\linebreak{}[Online; accesat martie 2019]}
}

@misc{jap,
  author = {Wikipedia},
  title = {Java {A}non {P}roxy},
  howpublished = {\url{https://en.wikipedia.org/wiki/Java_Anon_Proxy}},
  year = {2003},
  note = {[Online; accesat martie 2019]}
}

@misc{tor,
  author = {Tor},
  title = {The {T}or {P}roject},
  howpublished = {\url{https://www.torproject.org/}},
  year = {2019},
  note = {\linebreak{}[Online; accesat martie 2019]},
}

@misc{vpn,
  author = {VA},
  title = {The {B}est {VPN}},
  howpublished = {\url{https://thebestvpn.com}},
  year = {2019},
  note = {[Online; accesat martie 2019]},
}

@misc{hicc,
  author = {Szczypiorski, Krzysztof},
  title = {Steganography in {TCP/IP} {N}etworks},
  subtitle = {State of the Art and a Proposal of a New System --- HICCUPS},
  year = {2003},
  howpublished={\url{http://www.tele.pw.edu.pl/~krzysiek/pdf/steg-seminar-2003.pdf}},
  note = {\linebreak{}[Online; accesat martie 2019]},
}
