@misc{archwiki,
author = {Comunitatea ArchLinux},
title = {Create Your First Database},
year = 2020,
note = {\url{https://wiki.archlinux.org/index.php/PostgreSQL\#Create\_your\_first\_database/user}}
}

@misc{psqlcrypto,
author = {Fujitsu Enterprise},
title = {How to use \texttt{pgcrypto} to further protect your data},
year = {2019},
note = {\url{https://www.postgresql.fastware.com/blog/further-protect-your-data-with-pgcrypto}}
}

@misc{psqltut,
author = {PostgreSQL Tutorial},
title = {Creating a {Trigger} in {PostgreSQL}},
year = {2020},
note = {\url{https://www.postgresqltutorial.com/creating-first-trigger-postgresql/}}
}

@misc{pgaudit,
author = {O'Donnell, Jason},
title = {\texttt{pgAudit}: Auditing Database Operations},
year = {2016},
note = {\url{https://info.crunchydata.com/blog/pgaudit-auditing-database-operations-part-1}}
}

@misc{pgauditgh,
author = {Comunitatea pgAudit},
title = {pgAudit README},
year = {2020},
note = {\url{https://github.com/pgaudit/pgaudit/blob/master/README.md}},
}

@book{juba,
author = {Juba, Salahaldin and Volkov, Andrey},
title = {Learning PostgreSQL 11},
publisher = {Packt},
year = {2019}
}

@misc{pgoff,
author = {Comunitatea {PSQL}},
title = {The \texttt{pg\_hba.conf} file},
year = {2020},
note = {\url{https://www.postgresql.org/docs/current/auth-pg-hba-conf.html}}
}

@misc{pganon,
author = {Clochard, Damien},
title = {Postgre{SQL} Anonymizer},
year = {2020},
note = {\url{https://labs.dalibo.com/postgresql_anonymizer}}
}

@misc{psqlsecl,
author = {Comunitatea {PSQL}},
title = {Security Label},
year = {2020},
note = {\url{https://www.postgresql.org/docs/current/sql-security-label.html}}
}