@misc{gh1,
title = {\texttt{Monocypher}},
author = {LoupVaillant},
howpublished = {\href{https://github.com/LoupVaillant/Monocypher}{GitHub}},
year = {2019},
note = {online, accesat aprilie-mai 2019}
}

@misc{monosite,
title = {\texttt{Monocypher}},
author = {LoupVaillant},
howpublished = {\href{https://monocypher.org/}{site oficial}},
year = {2019},
note = {online, accesat aprilie-mai 2019}
}

@misc{framac,
title = {\texttt{FramaC}},
author = {Baudin, Patrick \href{https://frama-c.com/about.html}{et.\ al.}},
howpublished = {\href{https://frama-c.com/index.html}{site oficial}},
year = {2019},
note = {online, accesat aprilie-mai 2019}
}

@misc{eva,
title = {\texttt{Eva}},
author = {Grupul FramaC},
howpublished = {\href{https://frama-c.com/download/frama-c-eva-manual.pdf}{manual oficial}},
year = {2019},
note = {online, accesat aprilie-mai 2019}
}

@misc{wikiabs,
title = {Abstract Interpretation},
author = {Wikipedia},
howpublished = {\href{https://en.wikipedia.org/wiki/Abstract_interpretation}{link}},
year = {2019},
note = {online, accesat aprilie-mai 2019}
}

@misc{loupcrypto,
title = {How I Implemented My Own Crypto},
author = {LoupVaillant},
howpublished = {\href{http://loup-vaillant.fr/articles/implemented-my-own-crypto}{eseu online}},
year = {2017},
note = {online, accesat aprilie-mai 2019}
}