@article{whitepaper,
    title = {Tor: The Second Generation Onion Router},
    author = {Dingledine, R. and Mathewson, N. and Sylverson, P.},
    year = {2004},
    journal = {SSYM Proceedings of the 13th conference on USENIX Security Symbposium},
    volume = {13},
}

@misc{jw1,
    author = {Wright, Jordan},
    title = {How {T}or {W}orks: {P}art {O}ne},
    howpublished = {\href{https://jordan-wright.com/blog/2015/02/28/how-tor-works-part-one/}{blog post}},
    year = {2015},
}


@misc{bs,
    author = {Skerritt, Brandon},
    title = {How {T}or *really* works\raggedright},
    howpublished = {\href{https://hackernoon.com/how-does-tor-really-work-c3242844e11f}{HackerNoon}},
    year = {2018},
}

@misc{tor,
  author = {Tor},
  title = {The {T}or {P}roject},
  howpublished = {\url{https://www.torproject.org/}},
  year = {2019},
}
