@book{aho,
author = {Aho, Alfred and others},
title = {Compilers: Principles, Techniques, and Tools},
year = {2006},
publisher = {Pearson}
}

@misc{epfl,
author = {Schinz, Michel and Liu, Fengyun},
title = {Advanced Compiler Construction},
year = {2019},
note = {Noti»õe de curs online, accesibile la adresa \url{https://cs420.epfl.ch/index.html}},
url = {https://cs420.epfl.ch/index.html}
}

@book{ms,
author = {M{\o}ller, Anders and Schwartzbach, Michael},
title = {Static Program Analysis},
year = {2018},
publisher = {online},
url = {https://cs.au.dk/~amoeller/spa/}
}
